@Manual{NBR1465301,
  address={Rio de Janeiro},
  Author = {ABNT},
  month={mai.},
  organization={Associação Brasileira de Normas Técnicas},
  org-short={ABNT},
  pages={10},
  subtitle={Avaliação de bens -- Parte 1: Procedimentos Gerais},
  title={{NBR} 14653-1},
  year={2001}
}
@Manual{NBR1465302,
	Address = {Rio de Janeiro},
	Author = {ABNT},
	Month = {fev.},
	Org-Short = {ABNT},
	Organization = {Associação Brasileira de Normas Técnicas},
	Pages = {4},
	Subtitle = {Avaliação de Bens -- Parte 2: Imóveis Urbanos},
	Title = {{NBR} 14653-2},
	Year = {2011}
}
@Manual{NBR12721,
	Address = {Rio de Janeiro},
	Month = {ago.},
	Org-Short = {ABNT},
	Organization = {Associação Brasileira de Normas Técnicas},
	Pages = 4,
	Subtitle = {Avaliação de custos de construção para incorporação imobiliária e outras disposições para condomínios edilícios},
	Title = {{NBR} 12721},
	Year = {2006}
}
@Manual{IN002,
  Address = {Brasília-DF},
  Author={MPDG},
  Month = {Mai.},
  Org-Short = {MPDG},
	Organization = {Ministério do Planejamento, Desenvolvimento e Gestão},
  Pages = {21},
  Title = {Instrução Normativa para regulamentação quanto aos procedimentos sobre as avaliações de bens
imóveis da União ou de seu interesse.},
  Year = {2017}
}
@Manual{CONFEA,
  Address = {Brasília-DF},
  Author={CONFEA},
  Edition = {9},
  Org-Short = {CONFEA},
  Org = {Conselho Federal de Engenharia e Agronomia},
  Title = {Código de Ética Profissional da Engenharia, da Agronomia, da Geologia, da Geografia e da Meteorologia},
  Year = {2014}
}
@book{matloff2009,
  author = {Norman Saul Matloff},
  address = {Davis, California},
  title = {From {A}lgorithms to {Z}-{S}cores},
  publisher = {Orange Grove Books},
  subtitle = {Probabilistic and Statistical Modeling in Computer Science},
  year = {2009},
  url = {http://heather.cs.ucdavis.edu/~matloff/132/PLN/probstatbook/ProbStatBook.pdf}
}
@book{matloff2017,
  author = {Norman Matloff},
  address = {Boca Raton, Florida},
  title = {Statistical Regression and Classification},
  subtitle = {From Linear Models to Machine Learning},
  publisher = {Chapman & Hall},
  year = {2017}
}
@article{Park,
 ISSN = {00129682, 14680262},
 URL = {http://www.jstor.org/stable/1910108},
 author = {R. E. Park},
 journal = {Econometrica},
 number = {4},
 pages = {888--888},
 publisher = {[Wiley, Econometric Society]},
 title = {Estimation with Heteroscedastic Error Terms},
 volume = {34},
 year = {1966}
}
@article{glejser,
 ISSN = {01621459},
 URL = {http://www.jstor.org/stable/2283741},
 abstract = {The quite general test for heteroskedasticity presented here regresses the absolute values of the residuals obtained by ordinary least-squares on some variable(s). Denoting the O.L.S. residuals by <tex-math>$\|\hat u\|$</tex-math>, one obtains, for instance, a regression like <tex-math>$\|\hat u\| = a + bz + \hat \epsilon$</tex-math> where z is a variable, a and b regression coefficients and <tex-math>$\hat \epsilon$</tex-math> the residuals of the new regression. We call the acceptance of a non-zero value for both a and b a case of "mixed heteroskedasticity", which we deem frequent in practice though neglected in handbooks. The paper also summarizes another test due to S. M. Goldfeld and R. E. Quandt and examines the powers of the two by using Monte-Carlo simulations: the new test seems to compare favourably, except perhaps in the case of large samples.},
 author = {H. Glejser},
 journal = {Journal of the American Statistical Association},
 number = {325},
 pages = {316--323},
 publisher = {[American Statistical Association, Taylor & Francis, Ltd.]},
 title = {A New Test for Heteroskedasticity},
 volume = {64},
 year = {1969}
}
@article{GQ,
 ISSN = {01621459},
 URL = {http://www.jstor.org/stable/2282689},
 abstract = {Two exact tests are presented for testing the hypothesis that the residuals from a least squares regression are homoscedastic. The results can be used to test the hypothesis that a linear [ratio] model explains the relationship between variables as opposed to the alternative that the ratio [linear] specification is correct. The first test is parametric and uses the F-statistic. The second test is nonparametric and uses the number of peaks in the ordered sequence of unsigned residuals. In conclusion, the results of some experimental calculations of the powers of the tests are discussed.},
 author = {Stephen M. Goldfeld and Richard E. Quandt},
 journal = {Journal of the American Statistical Association},
 number = {310},
 pages = {539--547},
 publisher = {[American Statistical Association, Taylor & Francis, Ltd.]},
 title = {Some Tests for Homoscedasticity},
 volume = {60},
 year = {1965}
}
@article{BP,
 ISSN = {00129682, 14680262},
 URL = {http://www.jstor.org/stable/1911963},
 abstract = {A simple test for heteroscedastic disturbances in a linear regression model is developed using the framework of the Lagrangian multiplier test. For a wide range of heteroscedastic and random coefficient specifications, the criterion is given as a readily computed function of the OLS residuals. Some finite sampleevidence is presented to supplement the general asymptotic properties of Lagrangian multiplier tests.},
 author = {T. S. Breusch and A. R. Pagan},
 journal = {Econometrica},
 number = {5},
 pages = {1287--1294},
 publisher = {[Wiley, Econometric Society]},
 title = {A Simple Test for Heteroscedasticity and Random Coefficient Variation},
 volume = {47},
 year = {1979}
}
@article{koenker1981,
  title = "A note on studentizing a test for heteroscedasticity",
  journal = "Journal of Econometrics",
  volume = "17",
  number = "1",
  pages = "107 - 112",
  year = "1981",
  issn = "0304-4076",
  doi = "https://doi.org/10.1016/0304-4076(81)90062-2",
  url = "http://www.sciencedirect.com/science/article/pii/0304407681900622",
  author = "Roger Koenker",
  abstract = "Breusch and Pagan (1979) have recently proposed a convenient test for heteroscedasticity in general linear models. This note derives the asymptotic distribution of their test under sequences of contiguous alternatives to the null hypothesis of homoscedasticity. The test is shown to possess asymptotically incorrect size (nominal significance level) except in the case of strictly Gaussian disturbances. A slight modification of the test is proposed which corrects this defect."
}
@article{white1980,
  title = {A Heteroskedasticity-Consistent Covariance Matrix Estimator and a Direct Test for Heteroskedasticity},
  author = {White, Halbert},
  year = {1980},
  journal = {Econometrica},
  volume = {48},
  number = {4},
  pages = {817-38},
  url = {https://EconPapers.repec.org/RePEc:ecm:emetrp:v:48:y:1980:i:4:p:817-38}
}
@article{Long,
  author = { J.   Scott   Long  and  Laurie H.   Ervin },
  title = {Using Heteroscedasticity Consistent Standard Errors in the Linear Regression Model},
  journal = {The American Statistician},
  volume = {54},
  number = {3},
  pages = {217-224},
  year  = {2000},
  publisher = {Taylor & Francis},
  doi = {10.1080/00031305.2000.10474549},
  URL = {https://www.tandfonline.com/doi/abs/10.1080/00031305.2000.10474549},
  eprint = {https://www.tandfonline.com/doi/pdf/10.1080/00031305.2000.10474549}
}
@article{nigeria,
  author = {M. T. Nwakuya and J. C. Nwabueze},
  title = {Application of {B}ox-{C}ox Transformation as a Corrective Measure to Heteroscedasticity Using an Economic Data},
  journal = {American Journal of Mathematics and Statistics},
  volume = {8},
  number = {1},
  pages = {8-12},
  year = {2018},
  doi = {10.5923/j.ajms.20180801.02},
  URL = {http://article.sapub.org/10.5923.j.ajms.20180801.02.html#Ref}
}